<record xmlns="http://www.loc.gov/MARC21/slim" xmlns:xsi="http://www.w3.org/2001/XMLSchema-instance" xsi:schemaLocation="http://www.loc.gov/MARC21/slim http://www.loc.gov/standards/marcxml/schema/MARC21slim.xsd"><leader>00874cz   2200217n  4500</leader><controlfield tag="001">oca00037070 </controlfield><controlfield tag="005">19960312070932.9</controlfield><controlfield tag="008">800310n| acannaab|          |a aaa |||  </controlfield><datafield ind1=" " ind2=" " tag="010"><subfield code="a">n  50001377 </subfield></datafield><datafield ind1=" " ind2=" " tag="040"><subfield code="a">DLC</subfield><subfield code="c">DLC</subfield><subfield code="d">DLC</subfield><subfield code="d">CoU</subfield></datafield><datafield ind1="1" ind2=" " tag="100"><subfield code="a">Nemesianus, Marcus Aurelius Olympius</subfield></datafield><datafield ind1="0" ind2=" " tag="400"><subfield code="a">Nemesianus</subfield></datafield><datafield ind1="0" ind2=" " tag="400"><subfield code="a">Nemesian</subfield></datafield><datafield ind1="0" ind2=" " tag="400"><subfield code="a">Nemesiano</subfield></datafield><datafield ind1="1" ind2=" " tag="400"><subfield code="a">Nemesiano, Marco Aurelio Olimpio</subfield></datafield><datafield ind1=" " ind2=" " tag="670"><subfield code="a">Author's Cynegetica ... 1917.</subfield></datafield><datafield ind1=" " ind2=" " tag="670"><subfield code="a">His The eclogues and Cynegetica of Nemesianus, 1986.</subfield></datafield><datafield ind1=" " ind2=" " tag="670"><subfield code="a">Oxford class. dict., 2nd ed.</subfield><subfield code="b">(Nemesianus, Marcus Aurelius Olympius; wrote late 3rd cent.)</subfield></datafield><datafield ind1=" " ind2=" " tag="670"><subfield code="a">Ency. Brit., 15th ed.</subfield><subfield code="b">(Nemesianus, Marcus Aurelius Olympius, fl. ca. A.D. 280)</subfield></datafield><datafield ind1=" " ind2=" " tag="670"><subfield code="a">His The eclogues of Nemesian and the Einsiedeln manuscript, c1992.</subfield></datafield><datafield ind1=" " ind2=" " tag="670"><subfield code="a">His Le egloghe, c1994:</subfield><subfield code="b">t.p. (Nemesiano) p. 7 (Marco Aurelio Olimpio Nemesiano)</subfield></datafield></record>